@article{apostol,
 title   = {C{\'a}lculo, vol. 1},
 author  = {Apostol, Tom M},
 journal = {Editora Revert{\'e} Ltda},
    year = {1979}
}

@article{stewart,
  title  = {C{\'a}lculo, vol. 1},
  author = {Stewart, James},
 journal = {Pioneira Thomson Learning},
    year = {2001}
}