@article{darwin,
   author = {Charles Darwin},
    title = {A origem das esp{\'e}cies},
publisher = {Editora inventada},
     year = {Muitos anos atr{\'a}s}
  }

@article{lamport94,
    author = {Leslie Lamport},
     title = {LaTeX: a document preparation system},
 publisher = {Addison Wesley},  
    adress = {Massachusetts},
   edition = {2nd edition},
      year = {1994}
  }
  
@mastersthesis{dexter,
  author = {Dexter Morgan and Pierre Fermat},
   title = {Padr{\~o}es Sangu{\'i}neos},
  school = {Medicina},
    year = {2000}
  }